@article{siegfried1998jason,
  title={The jason programming language, an aid in teaching compiler construction},
  author={Siegfried, Robert M},
  journal={Proceedings of ESCCC-98. ESCCC},
  year={1998}
}
@book{naur1969revised,
  title={Revised report on the algorithmic language Algol 60},
  author={Naur, Peter and Backus, John W and Bauer, Friedrich L and Green, Julien and Katz, Charles and McCarthy, John and Perlis, Alan J},
  year={1969},
  publisher={Springer}
}
