\relax 
\providecommand\hyper@newdestlabel[2]{}
\catcode `"\active 
\providecommand\HyperFirstAtBeginDocument{\AtBeginDocument}
\HyperFirstAtBeginDocument{\ifx\hyper@anchor\@undefined
\global\let\oldcontentsline\contentsline
\gdef\contentsline#1#2#3#4{\oldcontentsline{#1}{#2}{#3}}
\global\let\oldnewlabel\newlabel
\gdef\newlabel#1#2{\newlabelxx{#1}#2}
\gdef\newlabelxx#1#2#3#4#5#6{\oldnewlabel{#1}{{#2}{#3}}}
\AtEndDocument{\ifx\hyper@anchor\@undefined
\let\contentsline\oldcontentsline
\let\newlabel\oldnewlabel
\fi}
\fi}
\global\let\hyper@last\relax 
\gdef\HyperFirstAtBeginDocument#1{#1}
\providecommand\HyField@AuxAddToFields[1]{}
\providecommand\HyField@AuxAddToCoFields[2]{}
\providecommand\tcolorbox@label[2]{}
\babel@aux{portuguese}{}
\citation{siegfried1998jason}
\@writefile{toc}{\contentsline {section}{\numberline {1}Introdu\IeC {\c c}\IeC {\~a}o}{1}{section.1}}
\@writefile{toc}{\contentsline {section}{\numberline {2}Defini\IeC {\c c}\IeC {\~a}o Formal da Gram\IeC {\'a}tica JASON em BNF}{1}{section.2}}
\@writefile{toc}{\contentsline {section}{\numberline {3}Deriva\IeC {\c c}\IeC {\~o}es}{5}{section.3}}
\newlabel{a=b}{{1}{5}{exemplo de programa com \emph {if} compacto em JASON}{lstlisting.1}{}}
\@writefile{lol}{\contentsline {lstlisting}{\numberline {1}exemplo de programa com \emph  {if} compacto em JASON.}{5}{lstlisting.1}}
\@writefile{lol}{\contentsline {lstlisting}{\numberline {2}exemplo de programa com \emph  {if} compacto em JASON.}{8}{lstlisting.2}}
\@writefile{lol}{\contentsline {lstlisting}{\numberline {3}exemplo de programa com \emph  {if} compacto em JASON.}{11}{lstlisting.3}}
\@writefile{lol}{\contentsline {lstlisting}{\numberline {4}menor programa em JASON}{15}{lstlisting.4}}
\@writefile{toc}{\contentsline {section}{\numberline {4}Defini\IeC {\c c}\IeC {\~a}o da Gram\IeC {\'a}tica em EBNF}{15}{section.4}}
\bibstyle{abbrv}
\bibdata{refs}
